<record xmlns:xsi="http://www.w3.org/2001/XMLSchema-instance" xmlns="http://www.loc.gov/MARC21/slim" xsi:schemaLocation="http://www.loc.gov/MARC21/slim http://www.loc.gov/standards/marcxml/schema/MARC21slim.xsd">

  <leader>00395nam a2200121Ia 4500</leader>
  <datafield tag="999" ind1=" " ind2=" ">
    <subfield code="c">1834</subfield>
    <subfield code="d">1834</subfield>
  </datafield>
  <controlfield tag="008">180427b1997    cr ||||| |||| 00| ||e   d</controlfield>
  <datafield ind1=" " ind2=" " tag="090">
    <subfield code="a">06.03.06</subfield>
    <subfield code="b"> 845</subfield>
  </datafield>
  <datafield tag="110" ind1="1" ind2=" ">
    <subfield code="a">Fundación Omar Dengo. Centro de Información y Recursos</subfield>
    <subfield code="9">3621</subfield>
  </datafield>
  <datafield tag="245" ind2="4" ind1="1">
    <subfield code="a">The challenge of reform in higher education</subfield>
  </datafield>
  <datafield ind2=" " ind1=" " tag="260">
    <subfield code="a">San José, Costa Rica : </subfield>
    <subfield code="b">Fundación Omar Dengo, </subfield>
    <subfield code="c">1997</subfield>
  </datafield>
  <datafield ind1=" " ind2=" " tag="300">
    <subfield code="a"> 200 páginas</subfield>
  </datafield>
  <datafield tag="650" ind2="4" ind1="1">
    <subfield code="a">EDUCACIÓN SUPERIOR</subfield>
    <subfield code="9">8</subfield>
  </datafield>
  <datafield ind1="1" ind2="4" tag="650">
    <subfield code="a">REFORMA DE LA EDUCACIÓN</subfield>
    <subfield code="9">7</subfield>
  </datafield>
  <datafield ind1=" " ind2=" " tag="942">
    <subfield code="2">z</subfield>
    <subfield code="c">01</subfield>
  </datafield>
</record>